@Misc{mixingc/c++,
  author =       {{isocpp.org}},
  title =        {mixing-c-and-cpp},
  howpublished = {\url{https://isocpp.org/wiki/faq/mixing-c-and-cpp}},
}
